@ARTICLE{myThesisTest1, 
	title={My thesis},
	author={me},
	publisher={My publisher},
	year={1994},
	edition={1},
}
@BOOK{myThesisTest2, 
	title={オレの本},
	author={オレ},
	publisher={オレ出版},
	year={1994},
	month={8},
}
@misc{myWebsite,
	title = "オレのウェブサイト",
	howpublished = "\url{https://mzks.github.io}",
}
